@incollection{bechhofer2009owl,
  title={OWL: Web ontology language},
  author={Bechhofer, Sean and {\"O}zsu, M Tamer and Liu, Ling},
  booktitle={$\{$Encyclopedia of Database Systems$\}$},
  year={2009},
  publisher={Springer Nature}
}

@article{masoodi2019security,
  title={Security \& privacy threats, attacks and countermeasures in Internet of Things},
  author={Masoodi, Faheem and Alam, Shadab and Siddiqui, Shams Tabrez},
  journal={International Journal of Network Security \& Its Applications (IJNSA) Vol},
  volume={11},
  year={2019}
}

@article{bamhdi2021ensemble,
  title={An ensemble based approach for effective intrusion detection using majority voting},
  author={Bamhdi, Alwi M and Abrar, Iram and Masoodi, Faheem},
  journal={Telkomnika},
  volume={19},
  number={2},
  pages={664--671},
  year={2021},
  publisher={Ahmad Dahlan University}
}

@article{yang2015evaluating,
  title={Evaluating unsupervised and supervised image classification methods for mapping cotton root rot},
  author={Yang, Chenghai and Odvody, Gary N and Fernandez, Carlos J and Landivar, Juan A and Minzenmayer, Richard R and Nichols, Robert L},
  journal={Precision Agriculture},
  volume={16},
  number={2},
  pages={201--215},
  year={2015},
  publisher={Springer}
}

@misc{sain1996nature,
  title={The nature of statistical learning theory},
  author={Sain, Stephan R},
  year={1996},
  publisher={Taylor \& Francis}
}

@article{masoodi2019symmetricpage79,
  title={Symmetric Algorithms I},
  author={Masoodi, Faheem Syeed and Bokhari, Mohammad Ubaidullah},
  journal={Emerging Security Algorithms and Techniques},
  pages={79},
  year={2019},
  publisher={CRC Press}
}

@inproceedings{ashoor2011difference,
  title={Difference between intrusion detection system (IDS) and intrusion prevention system (IPS)},
  author={Ashoor, Asmaa Shaker and Gore, Sharad},
  booktitle={International Conference on Network Security and Applications},
  pages={497--501},
  year={2011},
  organization={Springer}
}

@article{rajadurai2020stacked,
  title={A stacked ensemble learning model for intrusion detection in wireless network},
  author={Rajadurai, Hariharan and Gandhi, Usha Devi},
  journal={Neural computing and applications},
  pages={1--9},
  year={2020},
  publisher={Springer}
}

@inproceedings{thaseen2020network,
  title={Network intrusion detection using machine learning techniques},
  author={Thaseen, I Sumaiya and Poorva, B and Ushasree, P Sai},
  booktitle={2020 International Conference on Emerging Trends in Information Technology and Engineering (ic-ETITE)},
  pages={1--7},
  year={2020},
  organization={IEEE}
}

@article{ambikavathi2020predictor,
  title={Predictor selection and attack classification using random forest for intrusion detection},
  author={Ambikavathi, Chandramohan and Srivatsa, Srinivasa Krishna and others},
  journal={Journal of Scientific and Industrial Research (JSIR)},
  volume={79},
  number={05},
  pages={365--368},
  year={2020}
}

@article{sarker2020intrudtree,
  title={Intrudtree: a machine learning based cyber security intrusion detection model},
  author={Sarker, Iqbal H and Abushark, Yoosef B and Alsolami, Fawaz and Khan, Asif Irshad},
  journal={Symmetry},
  volume={12},
  number={5},
  pages={754},
  year={2020},
  publisher={Multidisciplinary Digital Publishing Institute}
}

@article{moukhafi2020intelligent,
  title={Intelligent intrusion detection system using multilayer perceptron optimised by genetic algorithm},
  author={Moukhafi, Mehdi and Yassini, Khalid El and Bri, Seddik},
  journal={International Journal of Computational Intelligence Studies},
  volume={9},
  number={3},
  pages={190--199},
  year={2020},
  publisher={Inderscience Publishers (IEL)}
}

@article{safaldin2021improved,
  title={Improved binary gray wolf optimizer and SVM for intrusion detection system in wireless sensor networks},
  author={Safaldin, Mukaram and Otair, Mohammed and Abualigah, Laith},
  journal={Journal of ambient intelligence and humanized computing},
  volume={12},
  number={2},
  pages={1559--1576},
  year={2021},
  publisher={Springer}
}

@article{hosseini2020new,
  title={A new machine learning method consisting of GA-LR and ANN for attack detection},
  author={Hosseini, Soodeh},
  journal={Wireless Networks},
  volume={26},
  number={6},
  pages={4149--4162},
  year={2020},
  publisher={Springer}
}

@article{almasoudya2020differential,
  title={Differential Evolution Wrapper Feature Selection for Intrusion Detection System},
  author={Almasoudya, Faezah Hamad and Al-Yaseenb, Wathiq Laftah and Idreesa, Ali Kadhum},
  journal={Procedia Computer Science},
  volume={167},
  pages={1230--1239},
  year={2020}
}

@inproceedings{abrar2020machine,
  title={A machine learning approach for intrusion detection system on NSL-KDD dataset},
  author={Abrar, Iram and Ayub, Zahrah and Masoodi, Faheem and Bamhdi, Alwi M},
  booktitle={2020 International Conference on Smart Electronics and Communication (ICOSEC)},
  pages={919--924},
  year={2020},
  organization={IEEE}
}

@article{gurung2019deep,
  title={Deep learning approach on network intrusion detection system using NSL-KDD dataset},
  author={Gurung, Sandeep and Ghose, Mirnal Kanti and Subedi, Aroj},
  journal={International Journal of Computer Network and Information Security},
  volume={11},
  number={3},
  pages={8--14},
  year={2019},
  publisher={Modern Education and Computer Science Press}
}

@article{zhou174building,
  title={Building an efficient intrusion detection system based on feature selection and ensemble classifier. June 2020},
  author={Zhou, Y and Cheng, G and Jiang, S and Dai, M},
  journal={Computer Networks},
  volume={174}
}

@incollection{masoodi2019symmetric,
  title={Symmetric Algorithms I},
  author={Masoodi, Faheem Syeed and Bokhari, Mohammad Ubaidullah},
  booktitle={Emerging Security Algorithms and Techniques},
  pages={79--95},
  year={2019},
  publisher={Chapman and Hall/CRC}
}

@article{jabbar2017rfaode,
  title={RFAODE: A novel ensemble intrusion detection system},
  author={Jabbar, MA and Aluvalu, Rajanikanth and others},
  journal={Procedia computer science},
  volume={115},
  pages={226--234},
  year={2017},
  publisher={Elsevier}
}

@article{rutkowski2012decision,
  title={Decision trees for mining data streams based on the McDiarmid's bound},
  author={Rutkowski, Leszek and Pietruczuk, Lena and Duda, Piotr and Jaworski, Maciej},
  journal={IEEE Transactions on Knowledge and Data Engineering},
  volume={25},
  number={6},
  pages={1272--1279},
  year={2012},
  publisher={IEEE}
}

@incollection{alsmadi2017sdn,
  title={SDN-based real-time IDS/IPS alerting system},
  author={Alsmadi, Izzat M and AlEroud, Ahmed},
  booktitle={Information Fusion for Cyber-Security Analytics},
  pages={297--306},
  year={2017},
  publisher={Springer}
}